@misc{arenapatch,
  author={Starovoitov, Alex},
  title={Introduce BPF arena},
  year={2024},
  howpublished={\url{https://lwn.net/Articles/961594/}}
}

@misc{libbpf_sleepable,
  author={Nakryiko, Andrii and Hunter, Donald and De Meyer, Daan},
  title={libbpf documentation: Program Types and ELF Sections},
  howpublished={\url{https://github.com/libbpf/libbpf/blob/master/docs/program_types.rst}}
}

@misc{arena_source,
  key={kernel},
  title={Linux source tree: Arena MAP implementation},
  howpublished={\url{https://elixir.bootlin.com/linux/v6.13.1/source/kernel/bpf/arena.c}}
}

@misc{verifier_arena_not_set,
  key={kernel_verifier_arena},
  title={Linux source tree: eBPF Verifier: Checking for Arena Map},
  howpublished={\url{https://elixir.bootlin.com/linux/v6.13.2/source/kernel/bpf/verifier.c#L14569}}
}

@misc{eunomia_kfunc,
    key={eunomia},
    title={Extending eBPF Beyond Its Limits: Custom kfuncs in Kernel Modules},
    year={2024},
    howpublished={\url{https://eunomia.dev/tutorials/43-kfuncs/}}
}

@misc{ebpf_docs_kfunc,
    title={eBPF Documentations: kFuncs},
    author={Cirujano Cuesta, Silvano and Reimerink, Dylan},
    year={2024},
    howpublished={\url{https://docs.ebpf.io/linux/concepts/kfuncs/}}
}

@misc{ebpf_docs_prog_syscall,
    author={Reimerink, Dylan},
    title={eBPF Documentations: BPF\_PROG\_TYPE\_SYSCALL},
    year={2023},
    howpublished={\url{https://docs.ebpf.io/linux/program-type/BPF_PROG_TYPE_SYSCALL/}}
}

@misc{ebpf_docs_bpf_prog_run,
    author={Reimerink, Dylan},
    title={eBPF Documentations: BPF Syscall BPF\_PROG\_TEST\_RUN command},
    year={2023},
    howpublished={\url{https://docs.ebpf.io/linux/syscall/BPF_PROG_TEST_RUN/}}
}

@misc{glb_var_post,
    author={Bechberger, Johannes},
    title={Hello eBPF: Global Variables},
    year={2024},
    howpublished={\url{https://mostlynerdless.de/blog/2024/05/21/hello-ebpf-global-variables-10/}}
}

@misc{libbpf_skeleton,
    key={kernel_doc},
    title={Kernel Documentations: Libbpf Overview: BPF Object Skeleton File},
    year={2024},
    howpublished={\url{https://docs.kernel.org/bpf/libbpf/libbpf_overview.html#bpf-object-skeleton-file}}
}
